<?xml version="1.0" encoding="UTF-8"?><collection xmlns="http://www.loc.gov/MARC21/slim"><record><leader>00364nam--2200133-i-4500</leader><controlfield tag="001">000049961</controlfield><controlfield tag="002">20161230</controlfield><controlfield tag="005">20161230201047</controlfield><controlfield tag="008">060222s1000------------r-----000-0-eng-d</controlfield><datafield ind1=" " ind2=" " tag="100"><subfield code="a">Babykin,M.V</subfield></datafield><datafield ind1=" " ind2=" " tag="245"><subfield code="a">Novye rezultaty po turbulentnomu nagrevu plazmy</subfield></datafield><datafield ind1=" " ind2=" " tag="260"><subfield code="a">Moskva, I.A.E.Kurchatova I.V.,1963. 26 S</subfield></datafield><datafield ind1=" " ind2=" " tag="852"><subfield code="a">9292</subfield><subfield code="c">517.9</subfield></datafield><datafield ind1=" " ind2=" " tag="CAT"><subfield code="a">Sys</subfield><subfield code="c">20080925</subfield><subfield code="h">075753</subfield></datafield></record></collection>